@MISC{openBlas,
	HOWPUBLISHED = "\url{https://github.com/xianyi/OpenBLAS/wiki/User-Manual}",
	AUTHOR = "Zhang Xianyi",
	TITLE = "OpenBLAS",
	YEAR = "2010",
	NOTE = ""
}
https://software.intel.com/en-us/articles/intel-mkl-link-line-advisor

@MISC{mklDocumnent,
	HOWPUBLISHED = "\url{https://software.intel.com/en-us/articles/intel-mkl-link-line-advisor}",
	AUTHOR = "Intel",
	TITLE = "Math Kernel Library",
	YEAR = "2019",
	NOTE = ""
}

@MISC{mklLink,
	HOWPUBLISHED = "\url{https://software.intel.com/en-us/mkl/choose-download/linux}",
	AUTHOR = "Intel",
	TITLE = "Math Kernel Library",
	YEAR = "2019",
	NOTE = ""
}
